@misc{RDF04,
title = {{RDF/XML}
      Syntax Specification (Revised)},
    author = {Beckett, D.},
    type = {Recommendation},
    institution = {W3C},
    month = {February},
    year = {2004},
    howpublished = { \xurl{http://www.w3.org/TR/2004/REC-rdf-syntax-grammar-20040210/} }
}
@misc{RDFC04,
title = {Resource
      Description Framework ({RDF}): Concepts and Abstract Syntax},
    author = {Klyne, G. and Carroll, J. J.},
    type = {Recommendation},
    institution = {W3C},
    month = {February},
    year = {2004},
    howpublished = { \xurl{http://www.w3.org/TR/2004/REC-rdf-concepts-20040210/} }
}
@misc{RDFS04,
    title = {{RDF} Semantics},
    author = {Hayes, P.},
    type = {Recommendation},
    institution = {W3C},
    month = {February},
    year = {2004},
    howpublished = { \xurl{http://www.w3.org/TR/2004/REC-rdf-mt-20040210/} }
}
@techreport{Car03s,
title = {Signing
      {RDF} Graphs},
    author = {Caroll, Jeremy J.},
    institution = {Hewlett-Packard},
    month = {Jul},
    year = {2003},
    number = {HPL-2003-142},
    howpublished = { \xurl{http://www.hpl.hp.com/techreports/2003/HPL-2003-142.html} }
}
@Book{Kob93,
title = {The Graph
      Isomorphism Problem: Its Structural Complexity},
    author = {Johannes K{\"o}bler
      and Uwe Sch{\"o}ning and Jacobo Tor{\'a}n},
    publisher = {Birkh{\"a}user},
    series = {Progress in Theoretical Computer Science},
    year = {1993},
    address = {Boston, MA},
    howpublished = { \xurl{http://www.birkhauser.com/cgi-win/ISBN/0-8176-3680-3} }
}
@incollection{Ski01,
    title = {Graph Isomorphism},
    author = {Skiena, Steve},
    publisher = {Stony Brook University},
    booktitle = {Stony Brook Algorithm Repository},
    year = {2001},
    chapter = {1.5.9},
    howpublished = { \xurl{http://www.cs.sunysb.edu/~algorith/files/graph-isomorphism.shtml} }
}
@misc{RFC2396,
     author = {Berners-Lee, T. and Fielding, R. and Masinter, L.},
     title = {Uniform Resource Identifiers ({URI}): Generic Syntax},
     year = {1998},
     publisher = {RFC Editor},
     howpublished = {IETF RFC 2396},
     address = {United States}
}
@misc{N3,
     author = {Berners-Lee, T.},
     title = {Notation 3: a readable language for data on the web},
     year = {1998-2006},
     publisher = {World Wide Web Consortium},
     howpublished = { \xurl{http://www.w3.org/DesignIssues/Notation3.html} }

}
@inproceedings{Carroll05,
  address = {New York, NY, USA},
  author = {Carroll, J. and Bizer, C. and Hayes, P. and Stickler, P.},
  booktitle = {{WWW} '05: Proceedings of the 14th international conference on World Wide Web},
  pages = {613--622},
  publisher = {ACM},
  title = {Named graphs, provenance and trust},
  howpublished = { \xurl{http://portal.acm.org/citation.cfm?id=1060745.1060835} },
  year = 2005,
  keywords = {named_graphs provenance},
  added-at = {2009-05-05T12:13:18.000+0200},
  location = {Chiba, Japan},
  isbn = {1-59593-046-9},
  doi = {http://doi.acm.org/10.1145/1060745.1060835},
}

@misc{SPARQL08,
   title        = {{SPARQL} Query Language for {RDF}},
   author       = {{RDF} Data Access Working Group},
   publisher    = {W3C},
   editor       = { Prud'hommeaux, E. and Seaborne, A. },
   howpublished = { \xurl{http://www.w3.org/TR/rdf-sparql-query/} },
   keywords     = {{REST} {SPARQL} {RDF}},
}

@misc{SPARQL10,
   title        = {{SPARQL} 1.1 Uniform {HTTP} Protocol for Managing {RDF} Graphs}, 
   author       = {{RDF} Data Access Working Group},
   publisher    = {W3C},
   editor       = {Ogbuji, C.},
   howpublished = { \xurl{http://www.w3.org/TR/sparql11-http-rdf-update/} },
   keywords     = {{REST} {SPARQL} {RDF}},
}

@inproceedings{Halpin09,
  author = {Halpin, H. and Presutti, V.},
  booktitle = {6th Annual European Semantic Web Conference ({ESWC2009})},
  interhash = {817aa11e27c93b070363a149c2f8f38f},
  intrahash = {4a9727cd6e4564257c13e82f8df62221},
  pages = {521-534},
  title = {An Ontology of Resources: Solving the Identity Crisis},
  howpublished = { \xurl{http://data.semanticweb.org/conference/eswc/2009/paper/234}},
  year = 2009,
  keywords = {Application Data Data_Integration E-Government E-Health E-Learning E-Science Electronic_Business Interoperability Linked_Data Semantic_Web linked_data ontology resource validation},
  added-at = {2009-05-29T11:44:15.000+0200},
  biburl = {http://www.bibsonomy.org/bibtex/24a9727cd6e4564257c13e82f8df62221/eswc2009},
  month = {June}
}

@misc{LODS10,
  title = {State of the LOD Cloud},
  author = {Bizer, C. and Jentzsch, A. and Cyganiak, R.},
  institution = {Freie Universit\umlaut{a}t Berlin},
  year  = {2010},
  month = {October},
  howpublished = { \xurl{http://www4.wiwiss.fu-berlin.de/lodcloud/state/} }
}

@misc{LODC10,
  title = {The Linking Open Data cloud diagram},
  author = {Cyganiak, R. and Jentsch, A.},
  institution = {Freie Universit\umlaut{a}t Berlin},
  year  = {2010},
  month = {September},
  howpublished = { \xurl{http://richard.cyganiak.de/2007/10/lod/}}
}

@misc{MINI10,
  title = {Minimising {RDF} graphs under rules and constraints revisited},
  author = {Pichler, R. and Polleres, A. and Skritek, S. and Woltran, S},
  year = {2010},
  howpublished = { \xurl{http://polleres.net/AMW10/rdfmin-full.pdf} }
}

@incollection {MEIER08,
   author = {Meier, M.},
   affiliation = {University of Freiburg Institute for Computer Science Georges-K\umlaut{o}hler-Allee 79110 Freiburg Germany},
   title = {Towards Rule-Based Minimization of RDF Graphs under Constraints},
   booktitle = {Web Reasoning and Rule Systems},
   series = {Lecture Notes in Computer Science},
   editor = {Calvanese, Diego and Lausen, Georg},
   publisher = {Springer Berlin / Heidelberg},
   isbn = {},
   pages = {89-103},
   volume = {5341},
   doi = {http://dx.doi.org/10.1007/978-3-540-88737-9_8},
   year = {2008}
}

@misc{VOID10,
   title = {Vocabulary of Interlinked Datasets},
   author = {Alexander, K. and Cyganiak, R. and Hausenblas, M. and Zhao, J},
   year = {2010},
   month = {May},
   publisher = {Digital Enterprise Research Institute, NUI Galway},
   howpublished = {\xurl{http://vocab.deri.ie/void}}
}

@misc{SPIN09,
   title = {SPIN Modelling Vocabulary},
   author = {Knublauch, H.},
   year = {2009},
   howpublished = {\xurl{http://www.spinrdf.org/spin.html}},
   month = {October}
}

@misc{SWER10,
   title = {Unique {URI}s for Semantic Web Entailment Regimes},
   author = {Herman, I},
   publisher = {{W3C}},
   howpublished = {\xurl{http://www.w3.org/ns/entailment/}},
   year = {2010},
   monto = {May},
}

@misc{RIF10,
   title = {{RIF} Core Dialect},
   author = {Boley, H. and Hallmark, G. and Kifer, M. and Paschke, A. and Polleres, A. and Reynolds, D.},
   howpublished = {\xurl{http://www.w3.org/TR/2010/REC-rif-core-20100622/}},
   year = {2010},
   month = {May}
}

@misc{RIFBLD10,
   title = {{RIF} Basic Logic Dialect},
   author = {Boley, H. and Kifer, M},
   publisher = {{W3C}},
   howpublished = {\xurl{http://www.w3.org/TR/2010/PR-rif-bld-20100511/}},
   year = {2010},
   month = {May}
}

@inproceedings{SR07,
   author = {Polleres, A.},
   title = {From SPARQL to rules (and back)},
   booktitle = {WWW '07: Proceedings of the 16th international conference on World Wide Web},
   year = {2007},
   isbn = {978-1-59593-654-7},
   pages = {787--796},
   location = {Banff, Alberta, Canada},
   doi = {http://doi.acm.org/10.1145/1242572.1242679},
   publisher = {ACM},
   address = {New York, NY, USA},
}

@misc{GM10,
   title = {{RDF} Graph Minimisation Experiment},
   author = {Waites, W.},
   year = {2010},
   month = {October},
   howpublished = {\xurl{http://river.styx.org/ww/2010/10/graphmin/index}},
}

@misc{GN10,
   title = {Vocabulary for {RDF} Graph Normalisation},
   author = {Waites, W.},
   year = {2010},
   month = {October},
   howpublished = {\xurl{http://river.styx.org/graphnorm}},
}